@misc{stackoverflowht,
    author = {Thomas Mueller},
    title = {What integer hash functions are good that accepts an integer hash key?},
    note = {\url{https://stackoverflow.com/a/12996028}} 
}
@misc{bfsource,
    author = {ETH Zurich},
    title = {The Course's Adapted Barrelfish Source Code Containing a Hashtable Implementation},
    note = {\url{https://github.students.cs.ubc.ca/CPSC436A-2023W-T1/code-handout/blob/main/lib/hashtable/hashtable.c}}
}
@article{armman,
    author = {Arm Limited},
    title = {ARM Cortex-A35 Processor Technical Reference Manual},
    year = {March 2017},
    pages = {7-10},
    note = {Revision: r0p2}
}
@article{wikipedia,
    author = {Wikipedia},
    title = {Address Resolution Protocol},
    year = {Accessed: Dec 2023},
    note = {\url{https://en.wikipedia.org/wiki/Address_Resolution_Protocol}}
}